<record><leader>00000cas a2200000 a 4500</leader><controlfield tag="001">11364965</controlfield><controlfield tag="008">841108d18871891ksuwr ne      0   a0eng d</controlfield><datafield ind1=" " ind2=" " tag="010"><subfield code="a">sn 84030005 </subfield></datafield><datafield ind1=" " ind2=" " tag="040"><subfield code="a">KSH</subfield><subfield code="b">eng</subfield><subfield code="c">KSH</subfield><subfield code="d">NPT</subfield><subfield code="d">OCL</subfield><subfield code="d">OCLCQ</subfield></datafield><datafield ind1=" " ind2=" " tag="042"><subfield code="a">msc</subfield></datafield><datafield ind1="0" ind2="4" tag="245"><subfield code="a">The Hill City democrat.</subfield></datafield><datafield ind1=" " ind2=" " tag="260"><subfield code="a">Hill City, Kan. :</subfield><subfield code="b">J.F. Stewart,</subfield><subfield code="c">-1891.</subfield></datafield><datafield ind1=" " ind2=" " tag="300"><subfield code="a">v. :</subfield><subfield code="b">ill. ;</subfield><subfield code="c">51-66 cm.</subfield></datafield><datafield ind1=" " ind2=" " tag="310"><subfield code="a">Weekly</subfield></datafield><datafield ind1="0" ind2=" " tag="362"><subfield code="a">-v. 4, no. 35 (Jan. 23, 1891).</subfield></datafield><datafield ind1="1" ind2=" " tag="362"><subfield code="a">Began in May 1887.</subfield></datafield><datafield ind1=" " ind2=" " tag="588"><subfield code="a">Description based on: Vol. 1, no. 10 (July 21, 1887).</subfield></datafield><datafield ind1=" " ind2=" " tag="752"><subfield code="a">United States</subfield><subfield code="b">Kansas</subfield><subfield code="c">Graham</subfield><subfield code="d">Hill City.</subfield></datafield><datafield ind1="0" ind2="5" tag="780"><subfield code="t">Millbrook herald (Millbrook, Kan. : 1885)</subfield><subfield code="g">May 30, 1888</subfield><subfield code="w">(DLC)sn 84030040</subfield></datafield><datafield ind1="0" ind2="5" tag="780"><subfield code="t">Graham County democrat</subfield><subfield code="g">Nov. 1888</subfield><subfield code="w">(DLC)sn 84030021</subfield></datafield><datafield ind1="0" ind2="4" tag="785"><subfield code="t">Hill City reveille</subfield><subfield code="w">(DLC)sn 84030016</subfield></datafield><datafield ind1="1" ind2=" " tag="029"><subfield code="a">AU@</subfield><subfield code="b">000020668429</subfield></datafield></record>